@Misc{hauke2011,
author = {Angelika Hauke and Paraskevi Georgiadou and Hannu Kallio and Sylvie Meyer and Georgiana Nicolescu},
title = {Emergency Services: A Literature Review on Occupational Safety and Health Risks},
year = {2011}
}
@Misc{jampani2004,
author = {Ravindranath Jampani and Risivardhan Thonangi and Prosenjit Gupta},
title = {Overlaying Multiple Maps Efficiently},
year = {2004}
}
@Article{ondieki1997,
author = {C. M. Ondieki and S.K. Murimi},
title = {Application of Geographic Information Systems},
journal = {Environmental Monitoring Vol II},
year = {1997}
}
@Misc{raju1997,
author = {P. L. N. Raju},
title = {Fundamental of Geographical Information System},
year = {1997}
}
@Article{bonham-carter2014,
author = {G. F. Bonham-Carter},
title = {Geographic Information Systems for Geoscientists: Modelling with GIS},
journal = {Vol. 13. Elsevier},
year = {2014}
}
@Article{ooi1993,
author = {Beng Chin Ooi and Ron Sacks-Davis and Jiawei Han},
title = {Indexing in Spatial Databases},
year = {1993}
}
@Article{hannawati2002,
author = {Anies Hannawati and Thiang and Eleazar},
title = {Pencarian Rute Optimum menggunakan Algoritma Genetika},
journal = {Teknik Elektro Vol. 2: 78 - 83},
year = {2002}
}
@Article{mutakhiroh2007,
author = {I'ing Mutakhiroh},
title = {Pencarian Jalur Terpendek menggunakan Metode Semut},
journal = {Seminar Nasional Aplikasi Teknologi Informasi 2007 (SNATI 2007)},
year = {2007}
}
@Article{weiping1989,
author = {Hu Weiping and Wu Chi},
title = {Urban Road Network Accessibility Evaluatuin Method based on GIS Spatial Analysis Techniques},
journal = {The International Archives of the Photogrammetry, Remote Sensing and Spatial Information Sciences, Vol. 38, Part II},
year = {1989}
}
@Misc{zhang2005,
author = {Qingnian Zhang},
title = {Road Network Generalization based on Connection Analysis},
year = {2005}
}
@Article{prasetyo2012,
author = {Eko Prasetyo},
title = {Fuzzy K-Nearest Neighbor in Every Class untuk Klasifikasi Data},
journal = {Teknik Informatika-Fakultas Teknologi Industri Universitas Pembangunan Nasional “Veteran” Jawa Timur. pp 57-60},
year = {2012}
}
@Article{medjahed2013,
author = {Seyyid Medjahed and Tamazouzt Ait Saadi and Abdelkader Benyettou},
title = {Breast Cancer Diagnosis by using K-Nearest Neighbor with Different Distances and Classification Rules},
journal = {International Journal of Computer Applications Vol. 62 - No. 1},
year = {2013}
}
@Misc{zhang2013,
author = {Yan Ming Zhang and Kaizu Huang and Guanggang Geng and Cheng Lin Liu},
title = {Fast KNN Graph Construction with Locality Sensitive Hasihing},
year = {2013}
}
@Article{erwig2000,
author = {Martin Erwig},
title = {The Graph Voronoi Diagram with Applications},
journal = {Network Vol. 36: 156-163},
year = {2000}
}
@Misc{kolah2004,
author = {Mohammad Kolahdouzan and Cyrus Shahabi},
title = {Voronoi-Based K Nearest Neighbor Search for Spatial Network Databases},
year = {2004}
}
@Article{okabe2000,
author = {Okabe, A. Boots, B. and Sugihara K.},
title = {Spatial Tessellation Concepts and Applications of Voronoi diagrams},
journal = {Wiley Series in Probability and Mathematical Statistics},
year = {2000}
}
@Misc{okabe2009,
author = {Okabe, A. Satoh, T. Furata, T. Suzuki, A. and Okano K.},
title = {Generalized network Voronoi diagrams: Concepts, computational methods and applications, International Journal of Geographical Information Science},
year = {2009}
}
@Misc{takehiro2005,
author = {Takehiro, F. Atsuo, S. and Keisuke I.},
title = {The kth Nearest Voronoi Diagram and Its Application to Districting Problem of Ambulance Systems},
year = {2005}
}





